<record><leader>00000cas a2200000 a 4500</leader><controlfield tag="001">31263306</controlfield><controlfield tag="008">941012c19749999nyuwr ne      0    0eng d</controlfield><datafield ind1=" " ind2=" " tag="010"><subfield code="a">sn 95071121 </subfield></datafield><datafield ind1=" " ind2=" " tag="040"><subfield code="a">SGK</subfield><subfield code="b">eng</subfield><subfield code="c">SGK</subfield><subfield code="d">NYS</subfield><subfield code="d">OCL</subfield><subfield code="d">OCLCQ</subfield></datafield><datafield ind1=" " ind2=" " tag="042"><subfield code="a">msc</subfield></datafield><datafield ind1="0" ind2="0" tag="245"><subfield code="a">Suffolk life newspapers.</subfield></datafield><datafield ind1="3" ind2="0" tag="246"><subfield code="a">Suffolk life</subfield></datafield><datafield ind1=" " ind2=" " tag="260"><subfield code="a">Riverhead, N.Y. :</subfield><subfield code="b">David Willmott</subfield></datafield><datafield ind1=" " ind2=" " tag="300"><subfield code="a">v. :</subfield><subfield code="b">ill. ;</subfield><subfield code="c">39 cm.</subfield></datafield><datafield ind1=" " ind2=" " tag="310"><subfield code="a">Weekly</subfield></datafield><datafield ind1="1" ind2=" " tag="362"><subfield code="a">Began in July 1974.</subfield></datafield><datafield ind1=" " ind2=" " tag="500"><subfield code="a">Published in 34 marketing eds.: North Fork, Riverhead, Hampton East, Mid-Hampton, Hampton West, Mastic/Shirley, Moriches, Patchogue, Belleport/East Patchogue, Medford, Coram/Ridge, Rocky Point, Stony Brook/Setauket, Port Jefferson, Centereach/Selden, Holbrook/Holtsville, Ronkonkoma, Sayville/Oakdale, East Islip, Hauppauge/Nesconset, Smithtown, Commack/Kings Park, Huntington Station, Dix Hills/ Melville, Huntington, Northport, Deer Park, West Babylon, Amityville.</subfield></datafield><datafield ind1=" " ind2=" " tag="580"><subfield code="a">A condensed version of the 34 marketing eds. published as: Suffolk County life.</subfield></datafield><datafield ind1=" " ind2=" " tag="588"><subfield code="a">Description based on: Vol. 14, no. 21 (July 28, 1974).</subfield></datafield><datafield ind1=" " ind2="4" tag="651"><subfield code="a">Riverhead (N.Y.)</subfield><subfield code="v">Newspapers.</subfield></datafield><datafield ind1=" " ind2="4" tag="651"><subfield code="a">Suffolk County (N.Y.)</subfield><subfield code="v">Newspapers.</subfield></datafield><datafield ind1=" " ind2=" " tag="752"><subfield code="a">United States</subfield><subfield code="b">New York</subfield><subfield code="c">Suffolk</subfield><subfield code="d">Riverhead.</subfield></datafield><datafield ind1="1" ind2=" " tag="775"><subfield code="t">Suffolk County life</subfield><subfield code="w">(DLC)sn 85000627</subfield></datafield><datafield ind1="0" ind2="0" tag="780"><subfield code="t">Suffolk life</subfield><subfield code="w">(DLC)sn 95071120</subfield><subfield code="w">(OCoLC)31062313</subfield></datafield><datafield ind1="1" ind2=" " tag="029"><subfield code="a">AU@</subfield><subfield code="b">000011677546</subfield></datafield></record>